@ARTICLE{articulo_base,
	title = {Natural language letter based visual cryptography scheme},
	author = {Hsiao-Ching Lin and Ching-Nung Yang and Chi-Sung Laih and Hui-Tang Lin},
	date = {2013-01-09},
	journaltitle = {ELSEVIER}
}

@ARTICLE{articulo_esp,
	title = {Criptografía Visual Basada en el Esquema de Umbral: Una Revisión Tutorial},
	author = {Mariko Nakano and Enrique Escamilla and Héctor Pérez and Mitsugu Iwamoto},
	date = {2011-03}
}

@ARTICLE{naor_shamir,
	title = {Visual Cryptography},
	author = {Moni Naour and Adi Ahamir}
}

@MISC{doug_web,
	title = {Doug Stinson's Visual Crytography Page},
	author = {Doug Stinson's},
	howpublished = {\url{http://cacr.uwaterloo.ca/~dstinson/visual.html}}
}

@MISC{wikipedia,
	author = {Wikipedia},
	title = {Visual Cryptography},
	howpublished = {\url{https://en.wikipedia.org/wiki/Visual_cryptography}}
}

@ARTICLE{generacion_matrices,
	title = {Construction of General (k,n) Probabilistic Visual Cryptography Scheme},
	author = {Ching-Nung Yang and Chih-Cheng Wu and Feng Liu}
}

@ARTICLE{aplicaciones_bio,
	title = {Application of Visual Cryptography to Biometric Authentication},
	author = {Nazanin Askari and Cecilia Moloney and Howard M. Heys}
}

@ARTICLE{aplicaciones_print,
	title = {Visualcryptography for print and scan applications},
	author = {Wei-Qi Yan and Duo Jin and Mohan S Kankanhalli}
}
